
@book{@6960-BEISTEGUE2004,
keywords          = {,20250501FARRAN},
author            = {Beistegue, Miguel de},
editor            = {Villalba},
title             = {Truth and genesis: Philosophy as Differential Ontology},
date              = {2004},
location          = {Bloomington},
publisher         = {Indiana University Press},
hyphenation       = {spanish},
language          = {spanish},
}

@Comment{generado con gbTeXpublisher; databaseType:biblatex; fecha de creaci√≥n: 03/06/2025;}